@article{candelaria2005argentine,
  title={Argentine music for flute with the employment of extended techniques: an analysis of selected works by Eduardo Bertola and Marcelo Toledo},
  author={Candelaria, Lorenzo and Costa-Giomi, Eugenia and Hughes, Patrick},
  year={2005},
  publisher={Citeseer}
}

@book{klapuri2007signal,
  title={Signal processing methods for music transcription},
  author={Klapuri, Anssi and Davy, Manuel},
  year={2007},
  publisher={Springer Science \& Business Media}
}

@book{quatieri2002discrete,
  title={Discrete-time Speech Signal Processing: Principles and Practice},
  author={Quatieri, T.F.},
  isbn={9780132429429},
  lccn={00102182},
  series={Prentice-Hall signal processing series},
  url={https://books.google.com.uy/books?id=5KYeAQAAIAAJ},
  year={2002},
  publisher={Prentice Hall PTR}
}

@book{rabiner1978digital,
  title={Digital Processing of Speech Signals},
  author={Rabiner, L.R. and Schafer, R.W.},
  isbn={9780132136037},
  lccn={78008555},
  series={Prentice-Hall signal processing series},
  url={https://books.google.com.uy/books?id=YVtTAAAAMAAJ},
  year={1978},
  publisher={Prentice-Hall}
}

@inproceedings{mcfee2015librosa,
  title={librosa: Audio and music signal analysis in python},
  author={McFee, Brian and Raffel, Colin and Liang, Dawen and Ellis, Daniel PW and McVicar, Matt and Battenberg, Eric and Nieto, Oriol},
  booktitle={Proceedings of the 14th Python in Science Conference},
  year={2015}
}

@article{pedregosa2011scikit,
  title={Scikit-learn: Machine learning in Python},
  author={Pedregosa, Fabian and Varoquaux, Ga{\"e}l and Gramfort, Alexandre and Michel, Vincent and Thirion, Bertrand and Grisel, Olivier and Blondel, Mathieu and Prettenhofer, Peter and Weiss, Ron and Dubourg, Vincent and others},
  journal={Journal of Machine Learning Research},
  volume={12},
  number={Oct},
  pages={2825--2830},
  year={2011}
}

@inproceedings{jiang2002music,
  title={Music type classification by spectral contrast feature},
  author={Jiang, Dan-Ning and Lu, Lie and Zhang, Hong-Jiang and Tao, Jian-Hua and Cai, Lian-Hong},
  booktitle={Multimedia and Expo, 2002. ICME'02. Proceedings. 2002 IEEE International Conference on},
  volume={1},
  pages={113--116},
  year={2002},
  organization={IEEE}
}
  
@article{de2002yin,
  title={YIN, a fundamental frequency estimator for speech and music},
  author={De Cheveign{\'e}, Alain and Kawahara, Hideki},
  journal={The Journal of the Acoustical Society of America},
  volume={111},
  number={4},
  pages={1917--1930},
  year={2002},
  publisher={Acoustical Society of America}
}

@book{piston1955orchestration,
  title={Orchestration},
  author={Piston, W.},
  isbn={9780393097405},
  lccn={55014230},
  url={https://books.google.com.uy/books?id=fTJ4QgAACAAJ},
  year={1955},
  publisher={Norton}
}

@article{davis1980comparison,
  title={Comparison of parametric representations for monosyllabic word recognition in continuously spoken sentences},
  author={Davis, Steven and Mermelstein, Paul},
  journal={IEEE transactions on acoustics, speech, and signal processing},
  volume={28},
  number={4},
  pages={357--366},
  year={1980},
  publisher={IEEE}
}

@book{dick1975other,
  title={The other flute: a performance manual of contemporary techniques},
  author={Dick, R.},
  lccn={gb77010887},
  url={https://books.google.com.uy/books?id=1HMKAQAAMAAJ},
  year={1975},
  publisher={Oxford University Press}
}

@inproceedings{cannam2010sonic,
  title={Sonic visualiser: An open source application for viewing, analysing, and annotating music audio files},
  author={Cannam, Chris and Landone, Christian and Sandler, Mark},
  booktitle={Proceedings of the 18th ACM international conference on Multimedia},
  pages={1467--1468},
  year={2010},
  organization={ACM}
}

@article{stevens1937scale,
  title={A scale for the measurement of the psychological magnitude pitch},
  author={Stevens, Stanley Smith and Volkmann, John and Newman, Edwin B},
  journal={The Journal of the Acoustical Society of America},
  volume={8},
  number={3},
  pages={185--190},
  year={1937},
  publisher={Acoustical Society of America}
}

@article{makhoul1975linear,
  title={Linear prediction: A tutorial review},
  author={Makhoul, John},
  journal={Proceedings of the IEEE},
  volume={63},
  number={4},
  pages={561--580},
  year={1975},
  publisher={IEEE}
}

