@article{candelaria2005argentine,
  title={Argentine music for flute with the employment of extended techniques: an analysis of selected works by Eduardo Bertola and Marcelo Toledo},
  author={Candelaria, Lorenzo and Costa-Giomi, Eugenia and Hughes, Patrick},
  year={2005},
  publisher={Citeseer}
}

@book{klapuri2007signal,
  title={Signal processing methods for music transcription},
  author={Klapuri, Anssi and Davy, Manuel},
  year={2007},
  publisher={Springer Science \& Business Media}
}

@book{rabiner1978digital,
  title={Digital Processing of Speech Signals},
  author={Rabiner, L.R. and Schafer, R.W.},
  isbn={9780132136037},
  lccn={78008555},
  series={Prentice-Hall signal processing series},
  url={https://books.google.com.uy/books?id=YVtTAAAAMAAJ},
  year={1978},
  publisher={Prentice-Hall}
}
