@article{candelaria2005argentine,
  title={Argentine music for flute with the employment of extended techniques: an analysis of selected works by Eduardo Bertola and Marcelo Toledo},
  author={Candelaria, Lorenzo and Costa-Giomi, Eugenia and Hughes, Patrick},
  year={2005},
  publisher={Citeseer}
}


@book{piston1955orchestration,
  title={Orchestration},
  author={Piston, W.},
  isbn={9780393097405},
  lccn={55014230},
  url={https://books.google.com.uy/books?id=fTJ4QgAACAAJ},
  year={1955},
  publisher={Norton}
}


@book{dick1975other,
  title={The other flute: a performance manual of contemporary techniques},
  author={Dick, R.},
  lccn={gb77010887},
  url={https://books.google.com.uy/books?id=1HMKAQAAMAAJ},
  year={1975},
  publisher={Oxford University Press}
}



