@article{candelaria2005argentine,
  title={Argentine music for flute with the employment of extended techniques: an analysis of selected works by Eduardo Bertola and Marcelo Toledo},
  author={Candelaria, Lorenzo and Costa-Giomi, Eugenia and Hughes, Patrick},
  year={2005},
  publisher={Citeseer}
}

@book{Lerch:2012:IAC:2392638,
 author = {Lerch, Alexander},
 title = {An Introduction to Audio Content Analysis: Applications in Signal Processing and Music Informatics},
 year = {2012},
 isbn = {111826682X, 9781118266823},
 edition = {1st},
 publisher = {Wiley-IEEE Press},
} 

@article{hu2003polyphonic,
  title={Polyphonic audio matching and alignment for music retrieval},
  author={Hu, Ning and Dannenberg, Roger B and Tzanetakis, George},
  journal={Computer Science Department},
  pages={521},
  year={2003}
}	

@inproceedings{turetsky2003ground,
  title={Ground-truth transcriptions of real music from force-aligned MIDI syntheses.},
  author={Turetsky, Robert J and Ellis, Daniel PW},
  booktitle={ISMIR},
  year={2003}
}

@inproceedings{muller2006efficient,
  title={An Efficient Multiscale Approach to Audio Synchronization.},
  author={M{\"u}ller, Meinard and Mattes, Henning and Kurth, Frank},
  booktitle={ISMIR},
  pages={192--197},
  year={2006},
  organization={Citeseer}
}

@inproceedings{dixon2005match,
  title={MATCH: A Music Alignment Tool Chest.},
  author={Dixon, Simon and Widmer, Gerhard},
  booktitle={ISMIR},
  pages={492--497},
  year={2005}
}